@Book{olivette,
  author    = {Almir Olivette Artero},
  title     = {Inteligência Artificial Teórica e Prática},
  publisher = {Livraria da Física},
  year      = {2009},
  edition   = {1th}
}


@online{blog_chatterbot,
  author  = {Caroline Gomes},
  title   = {Chatbot: entenda tudo sobre o assunto},
  year    = {2017},
  url     = {http://blog.simply.com.br/chatbot},
  note    = {Em \url{http://blog.simply.com.br/chatbot}},
  urldate = {2017-10-31}
}

@misc{wiki_agente_inteligente,
  author  = {Wikipédia},
  title   = {Agente inteligente},
  year    = "2015",
  url     = {https://pt.wikipedia.org/wiki/Agente_inteligente},
  note   = "[acessado em 10-Out-2017]"
}

@misc{wiki_discord,
  author  = {Wikipédia},
  title   = {Discord},
  url     = {https://pt.wikipedia.org/wiki/Discord},
  year    = "2017",
  note   = "[acessado em 04-Nov-2017]"
}

@misc{wiki_wolfram,
   author = "Wikipédia",
   title  = "Wolfram\textbar Alpha",
   year   = "2017",
   url    = "\url{https://pt.wikipedia.org/wiki/WolframAlpha}",
   note   = "[acessado em 04-Nov-2017]"
}




% [x] Soffa MM, Alcântara PRC. O uso do software educativo: reflexões da prática docente na sala informatizada. Acesso em: 22 jul. de 2015]. Disponível em: http://www.pucpr.br/eventos/educere/Educere2008/anais/pdf/335_357.pdf.